@Manual{bidgoli:observing,
	title = {Observing ultrahigh energy cosmic rays from space and Earth : international workshop, Metepec, Puebla, Mexico, 9-12 August 2000},
	author = {Bidgoli, Hossein and Salazar, Humberto and Zepeda, A. (Arnulfo) and Villasenor, Luis and International Astronomical Union. General Assembly Manchester, England},
	organization = {Melville, N.Y. : American Institute of Physics, Conference Proceedings },
	year = 2001	
}
@Manual{dorman:crv,
	title = {Cosmic Ray Variations},
	author = {Lev Dorman},
	organization = {State Publishing House}, 
	year = 1957,
	address = {Moscow, Russia}
}
@Manual{pdg:cosmic,
	title   = {Cosmic Rays},
	author = {J. Beringer and et al.},
        collaboration = {Particle Data Group},
	organization = {Phys. Rev. D},
	articleno  = {86},
	pages   = {010001},
	year    = 2012
}
@Manual{kirkby:climate,
	title = {Cosmic Rays and Climate},
	author = {Jasper Kirkby},
	organization = {Surv. Geophys, 28, 333-375},
	year = 2007,	
 	note = {\url{10.1007/s10712-008-9030-6}}
}
@Manual{lu:correlation,
 	title = {Correlation between Cosmic Rays and Ozone Depletion},
 	author = {Lu, Q.B.},
 	organization = {Phys. Rev. Lett., 102(11), 118501},
  	year = 2009,
  	month = mar,
  	note = {\url{http://link.aps.org/doi/10.1103/PhysRevLett.102.118501}}
}
@Manual{ollila:changes,
	title = {Changes in cosmic ray fluxes improve correlation to global warming},
	author = {A. Ollila},
	organization = {Int. J. Phys. Scie., 7, 822-826},
	year = 2012,	
 	note = {\url{10.5897/IJPS11.1484}}
}
@Manual{sanjeewa:simulation,
	title = {Air shower development simulation program for the cosmic ray study},
	author = {Sanjeewa, Hakmana and He, Xiaochun and Cleven, Christopher},
	organization = {NIMB, 261, 918-921},
	year = 2007,
 	note = {\url{10.1016/j.nimb.2007.04.281}}
}
@Manual{shaviv:climate,
	title = {On climate response to changes in the cosmic ray flux and radiative budget},
	author = {N. J. Shaviv},
	organization = {J. Geophys. Res, 110, A08105},
	year = 2005,	
 	note = {\url{10.1029/2004JA010866}} 
}
@Manual{dayananda:crflux,
     	title        = {Understanding the Effect of Atmospheric Density on the Cosmic Ray Flux Variations at the Earth Surface},
     	author    = {M. Dayananda and X. Zhang and C. Butler and X. He},
     	organization    = {preprint, arXiv},
     	year       = 2013,
     	note = {\url{physics.ao-ph/1303.7191} }
}
@Manual{lindborg:radiation,
	title = {Cosmic radiation exposure of aircraft crew: compilation of measured and calculated data},
	author = {L. Lindborg and D. Bartlett and P. Beck and I. McAulay and K. Schnuer and H. Schraube and F. Spurny},
	organization = {Radiat Prot Dosimetry, 110(1-4), 417-22},
	year = 2004
 }
@Manual{butikofer:radiation,
	title = {Radiation doses along selected flight profiles during two extreme solar cosmic ray events},
	author = {R. Butikofer and E. O. Fluckiger},
	organization = {Astrophys. Space Sci. Trans., 7, 105},
	year = 2011 
}
@Manual{svensmark:influence,
	title = {Influence of Cosmic Rays on Earth's Climate},
	author = {Henrik Svensmark},
	organization = {Phys. Rev. Lett., 81, 5027-5030},
	year = 1998,	
     	note      = {\url{10.1103/PhysRevLett.81.5027}}
}
@Manual{dorman:underground,
	title = {Cosmic Rays in the Earth's Atmosphere and Underground},
	author = {Lev Dorman},
	organization = {Kluwer Academic organizations},
	year = 2004	
}
@Manual{agostinneli:simulation,
	title     = {A Simulation Toolkit},
	author    = {S. Agostinelli and et al.},
	organization  = {Nucl. Inst. Meth. Phys. Res., 506(3), 250-303},
	year      = 2003 
}
@Manual{allison:geant4,
	title     = {Geant4 developments and applications},
	author    = {Allison, J. and et al.},
	organization   = {IEEE Transactions on Nuclear Science, 53(1), 270-278},
	year     = 2006 
}
@Manual{zhang:modeling,
	title     = {Statistical Modeling Of Effective Temperature With Cosmic Ray Flux},
	author    = {Xiaohang Zhang},
	organization = {Thesis, Georgia State University}, 
	year     = 2016,
	note = {\url{http://scholarworks.gsu.edu/phy_astr_diss/85}} 
}
@Manual{towns:xsede,
	title     = {XSEDE: Accelerating Scientific Discovery}, 
	author    = {J. Towns and T. Cockerill and M. Dahan and I. Foster and K. Gaither and A. Grimshaw and V. Hazlewood and S. Lathrop and D. Lifka and G. D. Peterson and R. Roskies and J. R. Scott and N. Wilkins-Diehr},
	organization   = {Computing in Science and Engineering, 16(5), 62-74}, 
	month = sep,
	year = 2014,
	note = {\url{10.1109/MCSE.2014.80} }
}
@Manual{lide:crc,
	title      = {CRC Handbook of Chemistry and Physics},
	author     = {D. R. Lide},
	organization = {CRC Press, 76th Edition},
	year        = 1995 
}
@Manual{finlay:igrf,
	title        = {International Geomagnetic Reference Field: the eleventh generation},
	author    = {C. C. Finlay and S. Maus and C. D. Beggan and T. N. Bondar and A. Chambodut},
	organization   = {Geophys. J. Int., 183, 1216-1230},    
	year = 2010,
	note = {\url{10.1111/j.1365-246X.2010.04804.x} }
}
@Manual{tsyganenko:model,
	title     = {Magnetospheric configurations from a high-resolution data-based magnetic field model},
	author    = {N. A. Tsyganenko and M. I. Sitnov},
	organization   = {J. Geophys. Res., 112, A06225},     
	year = 2007,
	note = {\url{10.1029/2007JA012260} }
}
@Manual{sarajlic:orion,
 	title = {Orion: Discovery Environment for HPC Research and Bridging XSEDE Resources},
	author = {Sarajlic, Semir and Edirisinghe, Neranjan and Lukinov, Yuriy and Walters, Michael and Davis, Brock and Faroux, Gregori},
 	booktitle = {Proceedings of the XSEDE16 Conference on Diversity, Big Data, and Science at Scale},
 	series = {XSEDE16},
 	year = 2016,
 	isbn = {978-1-4503-4755-6},
 	location = {Miami, USA},
 	pages = {54:1-54:5},
 	articleno = {54},
 	numpages = {5},
 	note = {\url{http://doi.acm.org/10.1145/2949550.2952770}},
 	acmid = {2952770},
 	organization = {ACM},
 	address = {New York, NY, USA} 
} 
@Manual{np6:phys,
	title     = {Nuclear Physics Group at GSU},
	author    = {Nuclear Physics Group},
	organization   = {Georgia State University},     
	year = 2018,
	note = {\url{http://phynp6.phy-astr.gsu.edu/} }
}
@Manual{magcos,
	title = {MAGNETOCOSMICS: Geant4 application for simulating the propogatoin of cosmic rays through the Earth's magntosphere},
	author = {L. Desorgher and E. O. Flueckiger and R. Buetikofer and M. R. Moser},
	organization = {Proc. 28th Intl Cosmic Ray Conf.},
	pages = {4281},
	month = jul,
	year = 2003
}
@Manual{sarajlic:acore,
 	title = {Training-based Workforce Development in Advanced Computing for Research and Education (ACoRE)},
	author = {Sarajlic, Semir and Edirisinghe, Neranjan and Wu, Yubao and Jiang, Yi and Faroux, Gregori},
 	booktitle = {Proceedings of the XSEDE17 Conference on Sustainability, Success and Impact},
 	series = {XSEDE16},
 	year = 2017,
 	articleno = {71},
 	numpages = {4},
 	note = {\url{https://doi.org/10.1145/3093338.3104178}},
 	organization = {ACM}
} 
@Manual{palmer:xdmod,
 	title = {Open XDMoD: A Tool for the Comprehensive Management of High-Performance Computing Resources},
	author = {Palmer, J. T. and Gallo, S. M. and Furlani, T. R. and Jones, M. D. and DeLeon, R. L. and White, J. P. and Simakov, N. and Patra, A.K. and Sperhac, J. and Yearke, T. and Rathsam, R. and Innus, M. and Cornelius, C. D. and Browne, J.C. and Barth, W.L. and Evans, R.T.},
 	organization = {Computing in Science \& Engineering 17.4},
	pages = {52-62},
 	year = 2015,
 	doi = {10.1109/MCSE.2015.68},
	note= {\url{https://xdmod.ccr.buffalo.edu/}}
} 
@Manual{Pyramid_muon,
	title = {Discovery of a big void in Khufu?s Pyramid by observation of cosmic-ray muons},
	author = {Kunihiro Morishima and et al.},
	organization = {Nature},
	articleno ={552},
	pages = {386-390},
	month = dec,
	year = 2017
}
@Manual{Muon_tomography,
	title = {The Cosmic Muon Tomography (CMT) Project},
	author = {G. Zumerle and et al.},
	organization = {Institute Nazionale di Fisica Nucleare (INFN) Legnaro National Laboratories (LNL)},
	year = 2018,
	note={\url{http://mutomweb.pd.infn.it}}
}
}
@Manual{Supernova_cosmic,
	title = {NASA's Fermi Proves Supernova Remnants Produce Cosmic Rays},
	organization = {National Aeronautics and Space Administration(NASA)},
	year = 2013,
	note={\url{https://www.nasa.gov/mission_pages/GLAST/news/supernova-cosmic-rays.html}}
}
@Manual{MIT_detector,
	title = {CosmicWatch: The Desktop Muon Detector},
	organization = {Massachusetts Institute of Technology (MIT)},
	year = 2017,
	note={\url{http://cosmicwatch.lns.mit.edu/about}}
}
@Manual{MIT_Code,
	title = {CosmicWatch: The Desktop Muon Detector Arduino Code},
	organization = {Massachusetts Institute of Technology (MIT)},
	year = 2018,
	note={\url{https://github.com/spenceraxani/CosmicWatch-Desktop-Muon-Detector/tree/master/Arduino_Code}
}
}

